@BOOK{Kientz2013,
	AUTHOR = {Kientz, J. A. AND Goodwin, M. AND Hayes, G. R. AND Abowd, G. D.},
	YEAR = {2013},
	TITLE = {Interactive Technologies for Autism - A Review},
	ISBN = {978-1-608-45641-3},
	PUBLISHER = {Morgan & Claypool Publishers},
	ADDRESS = {London},
}

@BOOK{Spektrum2015,
	AUTHOR = {Noterdaeme, M. AND Dziobek I.},
	YEAR = {2015},
	TITLE = {8.Wissenschaftliche Tagung Autismus-Spektrum},
	EDITION = {},
	ISBN = {978-3-9814817-3-0},
	PUBLISHER = {Wissenschaftliche Gesellschaft Autismus-Spektrum (WGAS) e.V.},
	ADDRESS = {Frankfurt am Main},
}

@BOOK{Hobson1993,
	AUTHOR = {Hobson, R. Peter},
	YEAR = {1993},
	TITLE = {Autism AND the Development of Mind},
	EDITION = {},
	ISBN = {978-0-863-77239-9},
	PUBLISHER = {Psychology Press},
	ADDRESS = {London},
}

@BOOK{Moore2000,
	AUTHOR = {Moore, A.},
	YEAR = {2000},
	TITLE = {Teaching and Learning - Pedagogy, Curriculum and Culture},
	EDITION = {},
	ISBN = {978-0-750-71000-8},
	PUBLISHER = {Routledge/Falmer},
}

@BOOK{minecraft,
    AUTHOR = {Autoren der Webseite ''worldofmods''},
    YEAR = {2018},
    TITLE = {Minecraft triumphiert über Autismus!\\},
    PUBLISHER  = {https://www.worldofmods.eu\\/de/minecraft/news/136-minecraft-beats-autism.html},
    ADDRESS = {(accessed: 02.05.2018)},
}

@BOOK{shore,
    AUTHOR = {Garbas, J-U.,Technologien},
    YEAR = {2018},
    TITLE = {Bildanalysesoftware SHORE(R)},
    PUBLISHER  = {https://www.iis.fraunhofer.de\\/de/ff/sse/ils/tech.html},
    ADDRESS = {(accessed: 02.05.2018)},
}

@article{Di01,
    AUTHOR = {Dimberg, U. AND Thunberg, M. AND Elmehed, K.},
    YEAR = {2000},
    TITLE = {Unconscious facial reactions to emotional facial expression},
    journal  = {Psychological Science},
    pages = {86-89},
    volume = {11},
}

@article{shore_datenschutz,
    AUTHOR = {Garbas, U-J.},
    YEAR = {2018},
    TITLE = {Bildanalysesoftware SHORE(R)},
    journal = {Psychological Science},
}

@article{Zirkus,
	author  = {Zoerner, D. AND Schütze, J. AND Lucke, U. AND Kirst, S. AND Dziobek, I.},
	year = {2016},
	title = {Zirkus Empathico - Mobile Training of Socio-Emotional Competences for Children with Autism, in Proc. IEEE Int. Conf. on Advanced Learning Technologies (ICALT)},
	journal = {IEEE CS Press},
}

@article{ZirkusDelfi,
author = {Kirst, S. AND Zoerner, D. AND Schütze, J. AND  Lucke, U. AND Dziobek, I.},
year = {2015},
month = {09},
title = {Zirkus Empathico: Eine mobile Applikation zum Training sozioemotionaler Kompetenzen bei Kindern im Autismus-Spektrum},
}

@article{Faster,
    author = {Fangmeier, T.},
    year = {2010},
    title = {Freiburger Autismus-Spezifisches Therapieprogramm für Erwachsene},
    journal = {Freiburger Autismus-Studiengruppe},
}

@article{Scott,
    author = {Dziobek, I.},
    year = {2011},
    title = {Social Cognition Training Tool},
    journal = {http://www.scott-training.de/},
}

@article{UEQ,
    author = "Laugwitz, B. AND Schrepp, M. AND Held, T.",
    year = "2008",
    title = "Construction and evaluation of a user experience questionnaire",
}

@BOOK{UX,
    AUTHOR = {Autoren der Webseite Usability.de},
    YEAR = {2018},
    TITLE = {Definition von User Experience},
    PUBLISHER = {www.usability.de/usability-user-experience.html},
    ADDRESS ={(accessed: 12.07.2018)},
}

@BOOK{SUS_online,
    AUTHOR = "Wikipedia Community zum Thema System Usability Scale",
    YEAR = "2018",
    TITLE = "System Usability Scale",
    PUBLISHER  = "https://de.wikipedia.org/wiki/System_Usability_Scale",
    ADDRESS = "(accessed: 12.07.2018)",
} 
@BOOK{ISO9241,
    AUTHOR = {Autoren der ISO9241 Norm},
    YEAR = {2011},
    TITLE = {Ergonomie der Mensch-System-Interaktion},
    Publisher = {}
    ADDRESS = {ISO 9241: Software Ergonomie},
}

@article{Kueblbeck,
  author  = {Kueblbeck, Ch. AND Ernst, A. },
  title   = {Face detection and tracking in video sequences using the modified census transformation},
  journal = {Journal on Image and Vision Computing},
  volume  = {24},
  number  = {06},
  year    = {2009},
  pages   = {564-572},
}

@article{Zoerner.2017,
 author = {Zoerner, D. AND Moebert, T. AND Lucke, U.},
 year = {2017},
 title = {IT-gest{\"u}tztes Training sozio-emotionaler Kognition f{\"u}r Menschen mit Autismus},
 pages = {1556},
 volume = {41},
 number = {02},
 issn = {0170-6012},
 journal = {Informatik-Spektrum},
 doi = {10.1007/s00287-017-1074-x}
}

@article{Shiratuddin2011DesigningUE,
  title={Designing user experience for mobile game-based learning},
  author={Shiratuddin, N. AND Zaibon, S.},
  journal={2011 International Conference on User Science and Engineering (i-USEr )},
  year={2011},
  pages={89-94}
}

@article{Prensky2003DigitalGL,
  title={Digital game-based learning},
  author={Prensky, M.},
  journal={Computers in Entertainment},
  year={2003},
  volume={1},
  pages={21}
}

@article{Kohls.2011,
 author = {Kohls, G. AND Schultz, R.},
 year = {2011},
 title = {Computerized health games to promote social perceptual learning in autism},
 pages = {18--31},
 volume = {4},
 journal = {Autism Spectrum News}
}
@article{Turula.2010,
 author = {Turula, A.},
 year = {2016},
 title = {Between New Technologies and New Paradigms in Academic Education. A Non-Reductionist Approach},
 pages = {60-62},
 volume = {2},
 journal = {Theory and Practice of Second Language Acquisition }
}

@article{Sok.214,
 author = {Sokolova, K. AND Lemercier, M. AND Ludovic, G.},
 year = {2014},
 title = {Towards High Quality Mobile Applications:
Android Passive MVC Architecture},
 pages = {123-138},
 volume = {7},
 journal = {International Journal on Advances in Software}
}
@article{Room,
    author = "Android Developers",
    title = "Room Persistence Library",
    year = "2018",
    journal  = "https://developer.android.com/topic/libraries/architecture/room, (accessed: 18.08.2018)",
}
@article{ADD,
    year = {2018},
    author = {Shekhar, A.},
    title = {Android Debug Database},
    journal  = {https://github.com/amitshekhariitbhu/android-Debug-Database, (accessed: 18.08.2018)},
}
@article{latex,
    author = "Freidank, M",
    title = "Latex Vorlage",
    journal  = "https://github.com/Deux9/LateX-UP, (accessed: 18.08.2018)",
}
@BOOK{Jordan1996,
	AUTHOR = {Jordan, P. AND T., B. AND McClelland, I. AND Weerdmeester, B.},
	YEAR = {1996},
	TITLE = {Usability Evaluation In Industry},
	ISBN = {978-0-748-40460-5},
	PUBLISHER = {CRC Press},
	ADDRESS = {Boca Raton, Fla},
}

@BOOK{South.2011,
	AUTHOR = {South, M. AND Schultz, R.T. AND Ozonoff, S.},
	YEAR = {2011},
	TITLE = {The neuropsychology of autism},
	ISBN = {9780195378313},
	PUBLISHER = {Oxford Univ. Press},
	ADDRESS = {New York},
}

@BOOK{ueqpublication,
    author = {Laugwitz, B. AND H. AND Theo AND Schrepp, M.},
    year = {2008},
    month = {11},
    pages = {63-76},
    title = {Construction and Evaluation of a User Experience Questionnaire},
    volume = {5298},
    booktitle = {USAB 2008}
}
@mastersthesis{mvc,
    author    = "Lou, T.",
    title     = "A Comparison of Android Native App Architecture – MVC, MVP AND MVVM",
    school    = "University of Potsdam",
    type     = "Masterarbeit",
    year      = "2016"
}

@article{Dziobek.2006,
 author = {Dziobek, I. AND Fleck, S. AND Kalbe, E. AND Rogers, K. AND Hassenstab, J. AND Brand, M. AND Kessler, J. AND Woike, JK. AND Wolf,T. AND Convit, A.},
 year = {2006},
 title = {Introducing MASC: a movie for the assessment of social cognition},
 pages = {623--636},
 volume = {36},
 number = {5},
 issn = {0162-3257},
 journal = {Journal of autism and developmental disorders},
 doi = {10.1007/s10803-006-0107-0}
}

@BOOK{Usability,
	AUTHOR = {Richter, M. AND Flückiger, M.},
	YEAR = {2016},
	TITLE = {Usability und UX kompakt - Produkte für Menschen},
	EDITION = {},
	ISBN = {978-3-662-49828-6},
	PUBLISHER = {Springer-Verlag},
	ADDRESS = {Berlin Heidelberg New York},
}

@article{Kliemann.2012,
 author = {Kliemann, D. AND Dziobek, I. AND Hatri, A. AND Baudewig, J. AND Heekeren, HR.},
 year = {2012},
 title = {The role of the amygdala in atypical gaze on emotional faces in autism spectrum disorders},
 pages = {9469-9476},
 volume = {32},
 number = {28},
 journal = {The Journal of neuroscience : the official journal of the Society for Neuroscience},
 doi = {10.1523/JNEUROSCI.5294-11.2012}
}
@article{Sw03,
  author  = {van Swool, L. M.},
  title   = { The effects of nonverbal mirroring on perceived persuasiveness, agreement with imitator, and reciprocity in a group discussion. Communication Research},
  journal = {Communication Research},
  number  = {30},
  year    = {2003},
  pages   = {461-480},
}
@article{Dziobek.2008,
     year = {2008},
     author = {Dziobek, I. AND Rogers, K. AND Fleck, S. AND Bahnemann, M. AND Heekeren, HR. AND Wolf, OT. AND Convit, A.},
     title = {Dissociation of cognitive and emotional empathy in adults with Asperger syndrome using the Multifaceted Empathy Test (MET)},
     pages = {464--473},
     volume = {38},
     number = {3},
     issn = {0162-3257},
     journal = {Journal of autism and developmental disorders},
     doi = {10.1007/s10803-007-0486-x}
}
@article{SUS,
  title={SUS-A quick and dirty usability scale},
  author={Brooke, J.},
  journal={Usability evaluation in industry},
  volume={189},
  number={194},
  pages={4-7},
  year={1996},
  publisher={London}
}

@article{Ch02,
  author  = {Chartrand, T. L. AND Bargh, J. A. },
  title   = {Unconscious facial reactions to emotional facial expressions. },
  journal = {Journal of Personality and Social Psychology},
  year    = {1999},
  pages   = {93-910.},
}
@article{Pfeiffer.2012,
 author = {Pfeiffer, U. J. AND Schilbach, L. AND Jording, M. AND Timmermans, B. AND Bente, G. AND Vogeley, K.},
 pages = {537},
 volume = {3},
 journal = {Frontiers in psychology},
 doi = {10.3389/fpsyg.2012.00537}
}
